<record><leader>00000cas a2200000Ia 4500</leader><controlfield tag="001">28482152</controlfield><controlfield tag="008">930721d194u1955cauwr ne      0    0eng d</controlfield><datafield ind1=" " ind2=" " tag="010"><subfield code="a">sn 93053333 </subfield></datafield><datafield ind1=" " ind2=" " tag="040"><subfield code="a">CNK</subfield><subfield code="b">eng</subfield><subfield code="c">CNK</subfield><subfield code="d">OCLCQ</subfield><subfield code="d">CNK</subfield><subfield code="d">OCLCQ</subfield></datafield><datafield ind1=" " ind2=" " tag="043"><subfield code="a">n-us-ca</subfield></datafield><datafield ind1="0" ind2="0" tag="245"><subfield code="a">San Carlos enquirer and Belmont news-advertiser.</subfield></datafield><datafield ind1="3" ind2="0" tag="246"><subfield code="a">San Carlos enquirer</subfield></datafield><datafield ind1=" " ind2=" " tag="260"><subfield code="a">San Carlos, Calif. :</subfield><subfield code="b">Wilbur A. Bishop</subfield></datafield><datafield ind1=" " ind2=" " tag="300"><subfield code="a">v.</subfield></datafield><datafield ind1=" " ind2=" " tag="310"><subfield code="a">Weekly,</subfield><subfield code="b">Sept. 22, 1949-Mar. 3, 1955</subfield></datafield><datafield ind1=" " ind2=" " tag="321"><subfield code="a">Semiweekly,</subfield><subfield code="b">-Sept. 15, 1949</subfield></datafield><datafield ind1="0" ind2=" " tag="362"><subfield code="a">-30th year, no. 32 (Mar. 3, 1955).</subfield></datafield><datafield ind1=" " ind2=" " tag="500"><subfield code="a">Published as: San Carlos enquirer, Jan. 8, 1953.</subfield></datafield><datafield ind1=" " ind2=" " tag="530"><subfield code="a">Master negatives are available for duplication from:</subfield><subfield code="b">California Newspaper Microfilm Archive;</subfield><subfield code="c">positive copies may be purchased by the reel; for further information consult the CNMA at:</subfield><subfield code="u">http://cbsr.ucr.edu</subfield></datafield><datafield ind1=" " ind2=" " tag="588"><subfield code="a">Description based on: 24th year, no. 59 (Apr. 7, 1949).</subfield></datafield><datafield ind1=" " ind2="0" tag="651"><subfield code="a">Belmont (Calif.)</subfield><subfield code="v">Newspapers.</subfield></datafield><datafield ind1=" " ind2="0" tag="651"><subfield code="a">San Carlos (Calif.)</subfield><subfield code="v">Newspapers.</subfield></datafield><datafield ind1=" " ind2=" " tag="752"><subfield code="a">United States</subfield><subfield code="b">California</subfield><subfield code="c">San Mateo</subfield><subfield code="d">San Carlos.</subfield></datafield><datafield ind1="0" ind2="0" tag="785"><subfield code="t">San Carlos enquirer</subfield><subfield code="w">(DLC)sn 93053334</subfield></datafield><datafield ind1="1" ind2=" " tag="029"><subfield code="a">AU@</subfield><subfield code="b">000025905995</subfield></datafield></record>